@article{BackProp,
   author = "D.E. Rumelhart and G.~E. Hinton, and R.J. Williams",
    title = "{Learning representations by back-propagating errors}",
  journal = Nature,
     year = 1986,
    month = oct,
   volume = 323,
    pages = {533-536},
      doi = {10.1038/323533a0},
   adsurl = {http://adsabs.harvard.edu/abs/1986Natur.323..533R},
  adsnote = {Provided by the SAO/NASA Astrophysics Data System}
}

@article{MLFFNetworks, 
 title = {Approximation Capabilities of Multilayer Feedforward Networks},
 author = {Kurt Hornik}, 
 journal= {Neural Networks},
 year = 1991, 
 volume = 4, 
 number = 2
 pages = {251-257},
 doi = {10.1016/0893-6080(91)90009-t.}
}

@techreport{openface,
  title={OpenFace: A general-purpose face recognition
    library with mobile applications},
  author={Amos, Brandon and Bartosz Ludwiczuk and Satyanarayanan, Mahadev},
  year={2016},
  institution={CMU-CS-16-118, CMU School of Computer Science},
}

@inproceedings{AdamOptimizer,
  author    = {Diederik P. Kingma and
               Jimmy Ba},
  title     = {Adam: {A} Method for Stochastic Optimization},
  booktitle = {3rd International Conference on Learning Representations, {ICLR} 2015,
               San Diego, CA, USA, May 7-9, 2015, Conference Track Proceedings},
  year      = {2015},
  crossref  = {DBLP:conf/iclr/2015},
  url       = {http://arxiv.org/abs/1412.6980},
  timestamp = {Fri, 29 Mar 2019 10:36:36 +0100},
  biburl    = {https://dblp.org/rec/bib/journals/corr/KingmaB14},
  bibsource = {dblp computer science bibliography, https://dblp.org}
}

@inproceedings{celebrityFaces,
 author = {Ziwei Liu and Ping Luo and Xiaogang Wang and Xiaoou Tang},
 title = {Deep Learning Face Attributes in the Wild},
 booktitle = {Proceedings of International Conference on Computer Vision (ICCV)},
 month = December,
 year = {2015} 
}

